@inproceedings{heidlauf2018verification,
  title={Verification Challenges in F-16 Ground Collision Avoidance and Other Automated Maneuvers.},
  author={Heidlauf, Peter and Collins, Alexander and Bolender, Michael and Bak, Stanley},
  booktitle={ARCH@ ADHS},
  pages={208--217},
  year={2018}
}